@article{einstein,
    author  = {Albert Einstein},
    title   = {Zur Elektrodynamik bewegter KÃ¶rper},
    journal = {Annalen der Physik},
    year    = {1905},
    volume  = {322},
    number  = {10},
    pages   = {891--921}
}

@book{latex_companion,
    author    = {Frank Mittelbach and Michel Goossens and Johannes Braams and David Carlisle and Chris Rowley},
    title     = {The LaTeX Companion},
    year      = {2004},
    publisher = {Addison-Wesley},
    edition   = {2nd}
}